% Use:
% http://www.citethisforme.com/cite/download/prompt?target=export%20as%20BibTeX&continue=%2Fcite%2Fdownload%2Fto-bibtex
% 
% To create references.bib (create and export).
%\bibliography{references.bib}

@misc{nystroem_2019,
title={Google},
url={https://www.google.com/},
journal={Google.com},
author={Nystr√∂m, niclas},
year={2019}
}